@inproceedings{Lichtenwalter:2010:NPM:1835804.1835837,
 author = {Lichtenwalter, Ryan N. and Lussier, Jake T. and Chawla, Nitesh V.},
 title = {New Perspectives and Methods in Link Prediction},
 booktitle = {Proceedings of the 16th ACM SIGKDD International Conference on Knowledge Discovery and Data Mining},
 series = {KDD '10},
 year = {2010},
 isbn = {978-1-4503-0055-1},
 location = {Washington, DC, USA},
 pages = {243--252},
 numpages = {10},
 url = {http://doi.acm.org/10.1145/1835804.1835837},
 doi = {10.1145/1835804.1835837},
 acmid = {1835837},
 publisher = {ACM},
 address = {New York, NY, USA},
 keywords = {class imbalance, link prediction, machine learning, networks},
} 

@INPROCEEDINGS{Hasan06linkprediction,
    author = {Mohammad Al Hasan and Vineet Chaoji and Saeed Salem and Mohammed Zaki},
    title = {Link prediction using supervised learning},
    booktitle = {In Proc. of SDM 06 workshop on Link Analysis, Counterterrorism and Security},
    year = {2006}
}

@article{Leskovec:2007:GED:1217299.1217301,
 author = {Leskovec, Jure and Kleinberg, Jon and Faloutsos, Christos},
 title = {Graph Evolution: Densification and Shrinking Diameters},
 journal = {ACM Trans. Knowl. Discov. Data},
 issue_date = {March 2007},
 volume = {1},
 number = {1},
 month = mar,
 year = {2007},
 issn = {1556-4681},
 articleno = {2},
 url = {http://doi.acm.org/10.1145/1217299.1217301},
 doi = {10.1145/1217299.1217301},
 acmid = {1217301},
 publisher = {ACM},
 address = {New York, NY, USA},
 keywords = {Densification power laws, graph generators, graph mining, heavy-tailed distributions, small-world phenomena},
} 

@Article{Cieslak2012,
author="Cieslak, David A.
and Hoens, T. Ryan
and Chawla, Nitesh V.
and Kegelmeyer, W. Philip",
title="Hellinger distance decision trees are robust and skew-insensitive",
journal="Data Mining and Knowledge Discovery",
year="2012",
month="Jan",
day="01",
volume="24",
number="1",
pages="136--158",
issn="1573-756X",
doi="10.1007/s10618-011-0222-1",
url="https://doi.org/10.1007/s10618-011-0222-1"
}

@Inbook{Cieslak2008,
author="Cieslak, David A.
and Chawla, Nitesh V.",
editor="Daelemans, Walter
and Goethals, Bart
and Morik, Katharina",
title="Learning Decision Trees for Unbalanced Data",
bookTitle="Machine Learning and Knowledge Discovery in Databases: European Conference, ECML PKDD 2008, Antwerp, Belgium, September 15-19, 2008, Proceedings, Part I",
year="2008",
publisher="Springer Berlin Heidelberg",
address="Berlin, Heidelberg",
pages="241--256",
doi="10.1007/978-3-540-87479-9_34",
url="https://doi.org/10.1007/978-3-540-87479-9_34"
}

@inproceedings{Liben-Nowell:2003:LPP:956863.956972,
 author = {Liben-Nowell, David and Kleinberg, Jon},
 title = {The Link Prediction Problem for Social Networks},
 booktitle = {Proceedings of the Twelfth International Conference on Information and Knowledge Management},
 series = {CIKM '03},
 year = {2003},
 isbn = {1-58113-723-0},
 location = {New Orleans, LA, USA},
 pages = {556--559},
 numpages = {4},
 url = {http://doi.acm.org/10.1145/956863.956972},
 doi = {10.1145/956863.956972},
 acmid = {956972},
 publisher = {ACM},
 address = {New York, NY, USA},
 keywords = {link analysis, link prediction, social networks},
} 

@inproceedings{Pavlov:2007:FEL:2889513.2889517,
 author = {Pavlov, Milen and Ichise, Ryutaro},
 title = {Finding Experts by Link Prediction in Co-authorship Networks},
 booktitle = {Proceedings of the 2Nd International Conference on Finding Experts on the Web with Semantics - Volume 290},
 series = {FEWS'07},
 year = {2007},
 location = {Busan, Korea},
 pages = {42--55},
 numpages = {14},
 url = {http://dl.acm.org/citation.cfm?id=2889513.2889517},
 acmid = {2889517},
 publisher = {CEUR-WS.org},
 address = {Aachen, Germany, Germany},
} 

@inproceedings{de2011supervised,
  title={Supervised link prediction in weighted networks},
  author={De S{\'a}, Hially Rodrigues and Prud{\^e}ncio, Ricardo BC},
  booktitle={Neural Networks (IJCNN), The 2011 International Joint Conference on},
  pages={2281--2288},
  year={2011},
  organization={IEEE}
}

@Inbook{Fire2013,
author="Fire, Michael
and Puzis, Rami
and Elovici, Yuval",
editor="Subrahmanian, V.S.",
title="Link Prediction in Highly Fractional Data Sets",
bookTitle="Handbook of Computational Approaches to Counterterrorism",
year="2013",
publisher="Springer New York",
address="New York, NY",
pages="283--300",
isbn="978-1-4614-5311-6",
doi="10.1007/978-1-4614-5311-6_14",
url="https://doi.org/10.1007/978-1-4614-5311-6_14"
}

@inproceedings{dombroski2003estimating,
  title={Estimating the shape of covert networks},
  author={Dombroski, Matthew and Fischbeck, Paul and Carley, Kathleen and others},
  booktitle={Proceedings of the 8th International Command and Control Research and Technology Symposium},
  year={2003}
}

@InProceedings{doppa:nips09-wkshp,
  author       = "Doppa, Janardhan and Yu, Jun and Tadepalli, Prasad and Getoor, Lise",
  title        = "Chance-Constrained Programs for Link Prediction",
  booktitle    = "NIPS Workshop on Analyzing Networks and Learning with Graphs",
  year         = "2009",
}

@incollection{NIPS2003_2465,
title = {Link Prediction in Relational Data},
author = {Taskar, Ben and Ming-fai Wong and Abbeel, Pieter and Daphne Koller},
booktitle = {Advances in Neural Information Processing Systems 16},
editor = {S. Thrun and L. K. Saul and P. B. Sch\"{o}lkopf},
pages = {659--666},
year = {2004},
publisher = {MIT Press},
url = {http://papers.nips.cc/paper/2465-link-prediction-in-relational-data.pdf}
}

@article{DBLP:journals/corr/WangXWZ14,
  author    = {Peng Wang and
               Baowen Xu and
               Yurong Wu and
               Xiaoyu Zhou},
  title     = {Link Prediction in Social Networks: the State-of-the-Art},
  journal   = {CoRR},
  volume    = {abs/1411.5118},
  year      = {2014},
  url       = {http://arxiv.org/abs/1411.5118},
  archivePrefix = {arXiv},
  eprint    = {1411.5118},
  timestamp = {Wed, 07 Jun 2017 14:41:12 +0200},
  biburl    = {http://dblp.org/rec/bib/journals/corr/WangXWZ14},
  bibsource = {dblp computer science bibliography, http://dblp.org}
}

@Inbook{Hasan2011,
author="Hasan, Mohammad Al
and Zaki, Mohammed J.",
editor="Aggarwal, Charu C.",
title="A Survey of Link Prediction in Social Networks",
bookTitle="Social Network Data Analytics",
year="2011",
publisher="Springer US",
address="Boston, MA",
pages="243--275",
isbn="978-1-4419-8462-3",
doi="10.1007/978-1-4419-8462-3_9",
url="https://doi.org/10.1007/978-1-4419-8462-3_9"
}

@inproceedings{Wang:2007:LPM:1441428.1442084,
 author = {Wang, Chao and Satuluri, Venu and Parthasarathy, Srinivasan},
 title = {Local Probabilistic Models for Link Prediction},
 booktitle = {Proceedings of the 2007 Seventh IEEE International Conference on Data Mining},
 series = {ICDM '07},
 year = {2007},
 isbn = {0-7695-3018-4},
 pages = {322--331},
 numpages = {10},
 url = {https://doi.org/10.1109/ICDM.2007.108},
 doi = {10.1109/ICDM.2007.108},
 acmid = {1442084},
 publisher = {IEEE Computer Society},
 address = {Washington, DC, USA},
}

@article{chawla2002smote,
  title={SMOTE: synthetic minority over-sampling technique},
  author={Chawla, Nitesh V and Bowyer, Kevin W and Hall, Lawrence O and Kegelmeyer, W Philip},
  journal={Journal of artificial intelligence research},
  volume={16},
  pages={321--357},
  year={2002}
}

@book{quinlan2014c4,
  title={C4. 5: programs for machine learning},
  author={Quinlan, J Ross},
  year={2014},
  publisher={Elsevier}
}

@article{opsahl2009clustering,
  title={Clustering in weighted networks},
  author={Opsahl, Tore and Panzarasa, Pietro},
  journal={Social networks},
  volume={31},
  number={2},
  pages={155--163},
  year={2009},
  publisher={Elsevier}
}

@inproceedings{de2009social,
  title={Social synchrony: Predicting mimicry of user actions in online social media},
  author={De Choudhury, Munmun and Sundaram, Hari and John, Ajita and Seligmann, Dor{\'e}e Duncan},
  booktitle={Computational Science and Engineering, 2009. CSE'09. International Conference on},
  volume={4},
  pages={151--158},
  year={2009},
  organization={IEEE}
}

@inproceedings{nr,
     title={The Network Data Repository with Interactive Graph Analytics and Visualization},
     author={Ryan A. Rossi and Nesreen K. Ahmed},
     booktitle={Proceedings of the Twenty-Ninth AAAI Conference on Artificial Intelligence},
     url={http://networkrepository.com},
     year={2015}
}

@article{eagle2006reality,
     title={Reality mining: sensing complex social systems},
     author={Eagle, N. and Pentland, A.},
     journal={Personal and Ubiquitous Computing},
     volume={10},
     number={4},
     pages={255--268},
     year={2006},
}

@inproceedings{Paranjape:2017:MTN:3018661.3018731,
 author = {Paranjape, Ashwin and Benson, Austin R. and Leskovec, Jure},
 title = {Motifs in Temporal Networks},
 booktitle = {Proceedings of the Tenth ACM International Conference on Web Search and Data Mining},
 series = {WSDM '17},
 year = {2017},
 isbn = {978-1-4503-4675-7},
 location = {Cambridge, United Kingdom},
 pages = {601--610},
 numpages = {10},
 url = {http://doi.acm.org/10.1145/3018661.3018731},
 doi = {10.1145/3018661.3018731},
 acmid = {3018731},
 publisher = {ACM},
 address = {New York, NY, USA},
 keywords = {motifs, temporal networks},
} 

@article{lichtenwalter2011lpmade,
  title={Lpmade: Link prediction made easy},
  author={Lichtenwalter, Ryan N and Chawla, Nitesh V},
  journal={Journal of Machine Learning Research},
  volume={12},
  number={Aug},
  pages={2489--2492},
  year={2011}
}

@inproceedings{gomez2008statistical,
  title={Statistical analysis of the social network and discussion threads in slashdot},
  author={G{\'o}mez, Vicen{\c{c}} and Kaltenbrunner, Andreas and L{\'o}pez, Vicente},
  booktitle={Proceedings of the 17th international conference on World Wide Web},
  pages={645--654},
  year={2008},
  organization={ACM}
}



@article {WIDM:WIDM8,
author = {Loh, Wei-Yin},
title = {Classification and regression trees},
journal = {Wiley Interdisciplinary Reviews: Data Mining and Knowledge Discovery},
volume = {1},
number = {1},
publisher = {John Wiley & Sons, Inc.},
issn = {1942-4795},
url = {http://dx.doi.org/10.1002/widm.8},
doi = {10.1002/widm.8},
pages = {14--23},
year = {2011},
}

@book{witten2016data,
  title={Data Mining: Practical machine learning tools and techniques},
  author={Witten, Ian H and Frank, Eibe and Hall, Mark A and Pal, Christopher J},
  year={2016},
  publisher={Morgan Kaufmann}
}


