@inproceedings{Lichtenwalter:2010:NPM:1835804.1835837,
 author = {Lichtenwalter, Ryan N. and Lussier, Jake T. and Chawla, Nitesh V.},
 title = {New Perspectives and Methods in Link Prediction},
 booktitle = {Proceedings of the 16th ACM SIGKDD International Conference on Knowledge Discovery and Data Mining},
 series = {KDD '10},
 year = {2010},
 isbn = {978-1-4503-0055-1},
 location = {Washington, DC, USA},
 pages = {243--252},
 numpages = {10},
 url = {http://doi.acm.org/10.1145/1835804.1835837},
 doi = {10.1145/1835804.1835837},
 acmid = {1835837},
 publisher = {ACM},
 address = {New York, NY, USA},
 keywords = {class imbalance, link prediction, machine learning, networks},
} 

@INPROCEEDINGS{Hasan06linkprediction,
    author = {Mohammad Al Hasan and Vineet Chaoji and Saeed Salem and Mohammed Zaki},
    title = {Link prediction using supervised learning},
    booktitle = {In Proc. of SDM 06 workshop on Link Analysis, Counterterrorism and Security},
    year = {2006}
}

@article{Leskovec:2007:GED:1217299.1217301,
 author = {Leskovec, Jure and Kleinberg, Jon and Faloutsos, Christos},
 title = {Graph Evolution: Densification and Shrinking Diameters},
 journal = {ACM Trans. Knowl. Discov. Data},
 issue_date = {March 2007},
 volume = {1},
 number = {1},
 month = mar,
 year = {2007},
 issn = {1556-4681},
 articleno = {2},
 url = {http://doi.acm.org/10.1145/1217299.1217301},
 doi = {10.1145/1217299.1217301},
 acmid = {1217301},
 publisher = {ACM},
 address = {New York, NY, USA},
 keywords = {Densification power laws, graph generators, graph mining, heavy-tailed distributions, small-world phenomena},
} 

@Article{Cieslak2012,
author="Cieslak, David A.
and Hoens, T. Ryan
and Chawla, Nitesh V.
and Kegelmeyer, W. Philip",
title="Hellinger distance decision trees are robust and skew-insensitive",
journal="Data Mining and Knowledge Discovery",
year="2012",
month="Jan",
day="01",
volume="24",
number="1",
pages="136--158",
issn="1573-756X",
doi="10.1007/s10618-011-0222-1",
url="https://doi.org/10.1007/s10618-011-0222-1"
}

@Inbook{Cieslak2008,
author="Cieslak, David A.
and Chawla, Nitesh V.",
editor="Daelemans, Walter
and Goethals, Bart
and Morik, Katharina",
title="Learning Decision Trees for Unbalanced Data",
bookTitle="Machine Learning and Knowledge Discovery in Databases: European Conference, ECML PKDD 2008, Antwerp, Belgium, September 15-19, 2008, Proceedings, Part I",
year="2008",
publisher="Springer Berlin Heidelberg",
address="Berlin, Heidelberg",
pages="241--256",
doi="10.1007/978-3-540-87479-9_34",
url="https://doi.org/10.1007/978-3-540-87479-9_34"
}

@inproceedings{Liben-Nowell:2003:LPP:956863.956972,
 author = {Liben-Nowell, David and Kleinberg, Jon},
 title = {The Link Prediction Problem for Social Networks},
 booktitle = {Proceedings of the Twelfth International Conference on Information and Knowledge Management},
 series = {CIKM '03},
 year = {2003},
 isbn = {1-58113-723-0},
 location = {New Orleans, LA, USA},
 pages = {556--559},
 numpages = {4},
 url = {http://doi.acm.org/10.1145/956863.956972},
 doi = {10.1145/956863.956972},
 acmid = {956972},
 publisher = {ACM},
 address = {New York, NY, USA},
 keywords = {link analysis, link prediction, social networks},
} 

@inproceedings{Pavlov:2007:FEL:2889513.2889517,
 author = {Pavlov, Milen and Ichise, Ryutaro},
 title = {Finding Experts by Link Prediction in Co-authorship Networks},
 booktitle = {Proceedings of the 2Nd International Conference on Finding Experts on the Web with Semantics - Volume 290},
 series = {FEWS'07},
 year = {2007},
 location = {Busan, Korea},
 pages = {42--55},
 numpages = {14},
 url = {http://dl.acm.org/citation.cfm?id=2889513.2889517},
 acmid = {2889517},
 publisher = {CEUR-WS.org},
 address = {Aachen, Germany, Germany},
} 

@inproceedings{de2011supervised,
  title={Supervised link prediction in weighted networks},
  author={De S{\'a}, Hially Rodrigues and Prud{\^e}ncio, Ricardo BC},
  booktitle={Neural Networks (IJCNN), The 2011 International Joint Conference on},
  pages={2281--2288},
  year={2011},
  organization={IEEE}
}

@Inbook{Fire2013,
author="Fire, Michael
and Puzis, Rami
and Elovici, Yuval",
editor="Subrahmanian, V.S.",
title="Link Prediction in Highly Fractional Data Sets",
bookTitle="Handbook of Computational Approaches to Counterterrorism",
year="2013",
publisher="Springer New York",
address="New York, NY",
pages="283--300",
isbn="978-1-4614-5311-6",
doi="10.1007/978-1-4614-5311-6_14",
url="https://doi.org/10.1007/978-1-4614-5311-6_14"
}

@inproceedings{dombroski2003estimating,
  title={Estimating the shape of covert networks},
  author={Dombroski, Matthew and Fischbeck, Paul and Carley, Kathleen and others},
  booktitle={Proceedings of the 8th International Command and Control Research and Technology Symposium},
  year={2003}
}

@InProceedings{doppa:nips09-wkshp,
  author       = "Doppa, Janardhan and Yu, Jun and Tadepalli, Prasad and Getoor, Lise",
  title        = "Chance-Constrained Programs for Link Prediction",
  booktitle    = "NIPS Workshop on Analyzing Networks and Learning with Graphs",
  year         = "2009",
}

@incollection{NIPS2003_2465,
title = {Link Prediction in Relational Data},
author = {Taskar, Ben and Ming-fai Wong and Abbeel, Pieter and Daphne Koller},
booktitle = {Advances in Neural Information Processing Systems 16},
editor = {S. Thrun and L. K. Saul and P. B. Sch\"{o}lkopf},
pages = {659--666},
year = {2004},
publisher = {MIT Press},
url = {http://papers.nips.cc/paper/2465-link-prediction-in-relational-data.pdf}
}

@article{DBLP:journals/corr/WangXWZ14,
  author    = {Peng Wang and
               Baowen Xu and
               Yurong Wu and
               Xiaoyu Zhou},
  title     = {Link Prediction in Social Networks: the State-of-the-Art},
  journal   = {CoRR},
  volume    = {abs/1411.5118},
  year      = {2014},
  url       = {http://arxiv.org/abs/1411.5118},
  archivePrefix = {arXiv},
  eprint    = {1411.5118},
  timestamp = {Wed, 07 Jun 2017 14:41:12 +0200},
  biburl    = {http://dblp.org/rec/bib/journals/corr/WangXWZ14},
  bibsource = {dblp computer science bibliography, http://dblp.org}
}

@Inbook{Hasan2011,
author="Hasan, Mohammad Al
and Zaki, Mohammed J.",
editor="Aggarwal, Charu C.",
title="A Survey of Link Prediction in Social Networks",
bookTitle="Social Network Data Analytics",
year="2011",
publisher="Springer US",
address="Boston, MA",
pages="243--275",
isbn="978-1-4419-8462-3",
doi="10.1007/978-1-4419-8462-3_9",
url="https://doi.org/10.1007/978-1-4419-8462-3_9"
}

@inproceedings{Wang:2007:LPM:1441428.1442084,
 author = {Wang, Chao and Satuluri, Venu and Parthasarathy, Srinivasan},
 title = {Local Probabilistic Models for Link Prediction},
 booktitle = {Proceedings of the 2007 Seventh IEEE International Conference on Data Mining},
 series = {ICDM '07},
 year = {2007},
 isbn = {0-7695-3018-4},
 pages = {322--331},
 numpages = {10},
 url = {https://doi.org/10.1109/ICDM.2007.108},
 doi = {10.1109/ICDM.2007.108},
 acmid = {1442084},
 publisher = {IEEE Computer Society},
 address = {Washington, DC, USA},
}